<?xml version="1.0" encoding="UTF-8"?><record xmlns="http://www.loc.gov/MARC21/slim" xmlns:cinclude="http://apache.org/cocoon/include/1.0" xmlns:zs="http://www.loc.gov/zing/srw/">
  <leader>01364cz  a2200313n  4500</leader>
  <controlfield tag="001">n  85812214 </controlfield>
  <controlfield tag="003">DLC</controlfield>
  <controlfield tag="005">20130808073923.0</controlfield>
  <controlfield tag="008">850806n| azannaabn          |a aaa      </controlfield>
  <datafield tag="010" ind1=" " ind2=" ">
    <subfield code="a">n  85812214 </subfield>
    <subfield code="z">n  82144975 </subfield>
  </datafield>
  <datafield tag="035" ind1=" " ind2=" ">
    <subfield code="a">(OCoLC)oca01371682</subfield>
  </datafield>
  <datafield tag="040" ind1=" " ind2=" ">
    <subfield code="a">DLC</subfield>
    <subfield code="b">eng</subfield>
    <subfield code="e">rda</subfield>
    <subfield code="c">DLC</subfield>
    <subfield code="d">DLC</subfield>
    <subfield code="d">OCoLC</subfield>
    <subfield code="d">DLC</subfield>
    <subfield code="d">CoU</subfield>
  </datafield>
  <datafield tag="046" ind1=" " ind2=" ">
    <subfield code="f">19510610</subfield>
  </datafield>
  <datafield tag="053" ind1=" " ind2="0">
    <subfield code="a">PQ6657.I3955</subfield>
  </datafield>
  <datafield tag="100" ind1="1" ind2=" ">
    <subfield code="a">Giménez Bartlett, Alicia</subfield>
  </datafield>
  <datafield tag="370" ind1=" " ind2=" ">
    <subfield code="a">Almansa, Albacete, Spain</subfield>
  </datafield>
  <datafield tag="372" ind1=" " ind2=" ">
    <subfield code="a">Fiction</subfield>
    <subfield code="a">Detective and mystery stories</subfield>
    <subfield code="2">lcsh</subfield>
  </datafield>
  <datafield tag="374" ind1=" " ind2=" ">
    <subfield code="a">Authors</subfield>
    <subfield code="2">lcsh</subfield>
  </datafield>
  <datafield tag="375" ind1=" " ind2=" ">
    <subfield code="a">female</subfield>
  </datafield>
  <datafield tag="377" ind1=" " ind2=" ">
    <subfield code="a">spa</subfield>
  </datafield>
  <datafield tag="400" ind1="1" ind2=" ">
    <subfield code="a">Bartlett, Alicia Giménez</subfield>
  </datafield>
  <datafield tag="400" ind1="1" ind2=" ">
    <subfield code="a">Giménez, Alicia</subfield>
  </datafield>
  <datafield tag="400" ind1="1" ind2=" ">
    <subfield code="a">Giménez González, Alicia</subfield>
  </datafield>
  <datafield tag="400" ind1="1" ind2=" ">
    <subfield code="a">González, Alicia Giménez</subfield>
  </datafield>
  <datafield tag="670" ind1=" " ind2=" ">
    <subfield code="a">nuc85-45871: Her Exit, 1984</subfield>
    <subfield code="b">(hdg. on NSbSU rept.: Giménez Bartlett, Alicia; usage: Alicia Giménez Bartlett)</subfield>
  </datafield>
  <datafield tag="670" ind1=" " ind2=" ">
    <subfield code="a">Her Pájaros de oro, c1987:</subfield>
    <subfield code="b">t.p. (Alicia Giménez Bartlett) flap (b. Almansa, Albacete, June 10, 1951)</subfield>
  </datafield>
  <datafield tag="670" ind1=" " ind2=" ">
    <subfield code="a">Her Torrente Ballester, 1981:</subfield>
    <subfield code="b">t.p. (Alicia Giménez) p. 4 of cover (b. in June 1951 in Almansa, Albacete; Dr. of Spanish literature)</subfield>
  </datafield>
  <datafield tag="670" ind1=" " ind2=" ">
    <subfield code="a">Her Torrente Ballester en su mundo literario, 1984:</subfield>
    <subfield code="b">t.p. (Alicia Giménez González) cover (Alicia Giménez)</subfield>
  </datafield>
  <datafield tag="670" ind1=" " ind2=" ">
    <subfield code="a">OCLC, August 6, 2013</subfield>
    <subfield code="b">(hdg: Giménez González, Alicia; usage: Alicia Giménez González)</subfield>
  </datafield>
</record>